
@book{lim_bigrf:_2014,
	title = {bigrf: Big Random Forests: Classification and Regression Forests for Large Data Sets},
	url = {https://github.com/aloysius-lim/bigrf},
	author = {Lim, Aloysius and Breiman, Leo and Cutler, Adele},
	year = {2014},
	note = {R package version 0.1-9}
}