
@book{lim_bigrf:_2014,
	title = {bigrf: Big Random Forests: Classification and Regression Forests for Large Data Sets},
	url = {https://github.com/aloysius-lim/bigrf},
	author = {Lim, Aloysius and Breiman, Leo and Cutler, Adele},
	year = {2014},
	note = {R package version 0.1-9}
}

@article{friedman_regularization_2010,
	title = {Regularization Paths for Generalized Linear Models via Coordinate Descent},
	volume = {33},
	issn = {1548-7660},
	url = {http://www.jstatsoft.org/v33/i01},
	number = {1},
	journal = {Journal of Statistical Software},
	author = {Friedman, Jerome H. and Hastie, Trevor and Tibshirani, Rob},
	year = {2010},
	pages = {1–22}
}

@book{wickham_ggplot2:_2009,
	title = {ggplot2: elegant graphics for data analysis},
	isbn = {978-0-387-98140-6},
	url = {http://had.co.nz/ggplot2/book},
	publisher = {Springer New York},
	author = {Wickham, Hadley},
	year = {2009}
}

@article{breiman_random_2001,
	title = {Random Forests},
	volume = {45},
	issn = {0885-6125},
	url = {http://dx.doi.org/10.1023/A%3A1010933404324},
	doi = {10.1023/A:1010933404324},
	language = {English},
	number = {1},
	journal = {Machine Learning},
	author = {Breiman, Leo},
	year = {2001},
	keywords = {classification, ensemble, regression},
	pages = {5--32}
}

@book{team_r:_2014,
	address = {Vienna, Austria},
	title = {R: A Language and Environment for Statistical Computing},
	url = {http://www.R-project.org/},
	publisher = {R Foundation for Statistical Computing},
	author = {Team, R. Core},
	year = {2014}
}

@article{shanno_conditioning_1970,
	title = {Conditioning of quasi-Newton methods for function minimization},
	volume = {24},
	issn = {0025-5718},
	url = {http://www.ams.org/jourcgi/jour-getitem?pii=S0025-5718-1970-0274029-X},
	doi = {10.1090/S0025-5718-1970-0274029-X},
	language = {en},
	number = {111},
	urldate = {2014-06-02},
	journal = {Mathematics of Computation},
	author = {Shanno, D. F.},
	month = sep,
	year = {1970},
	pages = {647--647}
}

@article{goldfarb_family_1970,
	title = {A family of variable-metric methods derived by variational means},
	volume = {24},
	issn = {0025-5718},
	url = {http://www.ams.org/jourcgi/jour-getitem?pii=S0025-5718-1970-0258249-6},
	doi = {10.1090/S0025-5718-1970-0258249-6},
	language = {en},
	number = {109},
	urldate = {2014-06-02},
	journal = {Mathematics of Computation},
	author = {Goldfarb, Donald},
	month = jan,
	year = {1970},
	pages = {23--23}
}

@article{broyden_convergence_1970,
	title = {The Convergence of a Class of Double-rank Minimization Algorithms 1. General Considerations},
	volume = {6},
	issn = {0272-4960, 1464-3634},
	url = {http://imamat.oxfordjournals.org/cgi/doi/10.1093/imamat/6.1.76},
	doi = {10.1093/imamat/6.1.76},
	language = {en},
	number = {1},
	urldate = {2014-06-02},
	journal = {{IMA} Journal of Applied Mathematics},
	author = {Broyden, C. G.},
	year = {1970},
	pages = {76--90}
}

@article{fletcher_new_1970,
	title = {A new approach to variable metric algorithms},
	volume = {13},
	issn = {0010-4620, 1460-2067},
	url = {http://comjnl.oupjournals.org/cgi/doi/10.1093/comjnl/13.3.317},
	doi = {10.1093/comjnl/13.3.317},
	language = {en},
	number = {3},
	urldate = {2014-06-02},
	journal = {The Computer Journal},
	author = {Fletcher, R.},
	month = mar,
	year = {1970},
	pages = {317--322}
}

@book{gini_variabilita_1912,
	address = {Bologna},
	title = {Variabilità e Mutabilità: Contributo allo studio delle distribuzioni e delle relazioni statistiche.},
	language = {Italian},
	publisher = {C. Cuppini},
	author = {Gini, Corrado},
	year = {1912}
}

@article{fleming_nonparametric_1984,
	title = {Nonparametric estimation of the survival distribution in censored data},
	volume = {13},
	url = {http://www.tandfonline.com/doi/abs/10.1080/03610928408828837},
	doi = {10.1080/03610928408828837},
	number = {20},
	journal = {Communications in Statistics - Theory and Methods},
	author = {Fleming, Thomas R. and Harrington, David P.},
	year = {1984},
	pages = {2469--2486}
}